<?xml version="1.0" encoding="UTF-8"?><collection xmlns="http://www.loc.gov/MARC21/slim"><record><leader>00327nam--2200121-i-4500</leader><controlfield tag="001">000007321</controlfield><controlfield tag="002">20161230</controlfield><controlfield tag="005">20161230201027</controlfield><controlfield tag="008">060222s1000------------r-----000-0-eng-d</controlfield><datafield ind1=" " ind2=" " tag="100"><subfield code="a">Chapman, K.S</subfield></datafield><datafield ind1=" " ind2=" " tag="245"><subfield code="a">Worked exampes in advanced electrical engineer ing</subfield></datafield><datafield ind1=" " ind2=" " tag="260"><subfield code="a">London,Edward Arnold Publ.Ltd.,1964.Ix+158p</subfield></datafield><datafield ind1=" " ind2=" " tag="852"><subfield code="a">22086</subfield></datafield></record></collection>